<?xml version="1.0" encoding="UTF-8"?><collection xmlns="http://www.loc.gov/MARC21/slim"><record><leader>00483nam--2200169-u-4500</leader><controlfield tag="001">000055459</controlfield><controlfield tag="002">20161230</controlfield><controlfield tag="005">20161230201052</controlfield><controlfield tag="008">130212s1000------------r-----000-0-eng-d</controlfield><datafield ind1=" " ind2=" " tag="040"><subfield code="a">IFIN-HH</subfield></datafield><datafield ind1=" " ind2=" " tag="080"><subfield code="a">801.323.2=590=2:801.323.2=20=590</subfield></datafield><datafield ind1="1" ind2=" " tag="100"><subfield code="a">Panovf, Irina</subfield></datafield><datafield ind1="1" ind2="0" tag="245"><subfield code="a">Romanian-english, english-romanian dictionary</subfield><subfield code="c">Irina panovf</subfield></datafield><datafield ind1=" " ind2=" " tag="260"><subfield code="a">Bucursti</subfield><subfield code="b">Editura Stiintifica Si Enciclopedica</subfield><subfield code="c">1982</subfield></datafield><datafield ind1=" " ind2=" " tag="300"><subfield code="a">825P</subfield></datafield><datafield ind1=" " ind2=" " tag="852"><subfield code="a">D.572</subfield><subfield code="c">SLG</subfield></datafield><datafield ind1=" " ind2=" " tag="CAT"><subfield code="a">Sys</subfield><subfield code="c">20130212</subfield><subfield code="h">120013</subfield></datafield></record></collection>